@article{hamilton2017representation,
  title={Representation learning on graphs: Methods and applications},
  author={Hamilton, William L and Ying, Rex and Leskovec, Jure},
  journal={IEEE Data Engineering Bulletin},
  volume={40},
  number={3},
  pages={52--74},
  year={2017}
}

@inproceedings{ding2019deep,
  title={Deep anomaly detection on attributed networks},
  author={Ding, Kaize and Li, Jundong and Bhanushali, Rohit and Liu, Huan},
  booktitle={Proceedings of the 2019 SIAM International Conference on Data Mining},
  pages={594--602},
  year={2019}
}

@inproceedings{rossi2020temporal,
  title={Temporal graph networks for deep learning on dynamic graphs},
  author={Rossi, Emanuele and Chamberlain, Ben and Frasca, Fabrizio and Eynard, Davide and Monti, Federico and Bronstein, Michael},
  booktitle={International Conference on Machine Learning},
  pages={8175--8185},
  year={2020}
}

@inproceedings{trivedi2019dyrep,
  title={DyRep: Learning representations over dynamic graphs},
  author={Trivedi, Rakshit and Farajtabar, Mehrdad and Biswal, Prasenjeet and Zha, Hongyuan},
  booktitle={International Conference on Learning Representations},
  year={2019}
}

@inproceedings{kumar2019predicting,
  title={Predicting dynamic embedding trajectory in temporal interaction networks},
  author={Kumar, Srijan and Zhang, Xikun and Leskovec, Jure},
  booktitle={Proceedings of the 25th ACM SIGKDD International Conference on Knowledge Discovery \& Data Mining},
  pages={1269--1278},
  year={2019}
}

@inproceedings{leskovec2010signed,
  title={Signed networks in social media},
  author={Leskovec, Jure and Huttenlocher, Daniel and Kleinberg, Jon},
  booktitle={Proceedings of the SIGCHI conference on human factors in computing systems},
  pages={1361--1370},
  year={2010}
}

@article{akoglu2015graph,
  title={Graph based anomaly detection and description: a survey},
  author={Akoglu, Leman and Tong, Hanghang and Koutra, Danai},
  journal={Data mining and knowledge discovery},
  volume={29},
  number={3},
  pages={626--688},
  year={2015}
}

@inproceedings{ma2021comprehensive,
  title={A comprehensive survey on graph anomaly detection with deep learning},
  author={Ma, Xiaoxiao and Wu, Jia and Xue, Shan and Yang, Jian and Zhou, Chuan and Sheng, Quan Z and Xiong, Hui and Akoglu, Leman},
  booktitle={IEEE Transactions on Knowledge and Data Engineering},
  year={2021}
}